<?xml version="1.0" encoding="UTF-8"?>
<record xmlns="http://www.loc.gov/MARC21/slim">
   <leader>01542cam a2200325 a 4500</leader>
   <controlfield tag="001">858982</controlfield>
   <controlfield tag="003">NjP</controlfield>
   <controlfield tag="005">20190705142247.0</controlfield>
   <controlfield tag="008">940111s1955    ua            000 0 ara d</controlfield>
   <datafield tag="024" ind1="7" ind2=" ">
      <subfield code="a">princeton_aco004794</subfield>
      <subfield code="2">local</subfield>
   </datafield>
   <datafield ind1=" " ind2=" " tag="040">
      <subfield code="a">NjP</subfield>
      <subfield code="c">PUL</subfield>
      <subfield code="d">PUL</subfield>
   </datafield>
   <datafield ind1=" " ind2=" " tag="035">
      <subfield code="a">(CStRLIN)NJPG94-B1504</subfield>
   </datafield>
   <datafield ind1=" " ind2=" " tag="035">
      <subfield code="9">CAX7346TS</subfield>
   </datafield>
   <datafield ind1=" " ind2=" " tag="035">
      <subfield code="a">(NjP)858982</subfield>
   </datafield>
   <datafield ind1=" " ind2=" " tag="049">
      <subfield code="a">PULL</subfield>
   </datafield>
   <datafield ind1=" " ind2=" " tag="035">
      <subfield code="a">(OCoLC)ocm29745497</subfield>
   </datafield>
   <datafield ind1="0" ind2=" " tag="100">
      <subfield code="6">880-01</subfield>
      <subfield code="a">Suyūṭī,</subfield>
      <subfield code="d">1445-1505.</subfield>
      <subfield code="0">http://id.loc.gov/authorities/names/n80081636</subfield>
   </datafield>
   <datafield ind1="1" ind2="3" tag="245">
      <subfield code="6">880-02</subfield>
      <subfield code="a">al-Maṣābīḥ fī ṣalāt al-tarāwīḥ /</subfield>
      <subfield code="c">li-Jalāl al-Dīn ʻAbd al-Raḥmān ibn Abī Bakr ibn Muḥammad al-Suyūṭī ; bi-taʻlīq Muḥammad Muṣṭafá Abī al-ʻAlā al-shahīr bi-Ḥāmid.</subfield>
   </datafield>
   <datafield ind1=" " ind2=" " tag="260">
      <subfield code="6">880-03</subfield>
      <subfield code="a">Miṣr :</subfield>
      <subfield code="b">Maktabat al-Jundī,</subfield>
      <subfield code="c">1955.</subfield>
   </datafield>
   <datafield ind1=" " ind2=" " tag="300">
      <subfield code="a">18 p. ;</subfield>
      <subfield code="c">20 cm.</subfield>
   </datafield>
   <datafield ind1=" " ind2="0" tag="650">
      <subfield code="a">Prayer</subfield>
      <subfield code="x">Islam.</subfield>
      <subfield code="0">http://id.loc.gov/authorities/subjects/sh85106123</subfield>
   </datafield>
   <datafield ind1="1" ind2=" " tag="700">
      <subfield code="6">880-04</subfield>
      <subfield code="a">Abū ʻAlā, Muḥammad Muṣṭafá.</subfield>
   </datafield>
   <datafield ind1="0" ind2=" " tag="880">
      <subfield code="6">100-01/r</subfield>
      <subfield code="a">سيوطي،</subfield>
      <subfield code="d">1445-1505.</subfield>
   </datafield>
   <datafield ind1="1" ind2="2" tag="880">
      <subfield code="6">245-02/r</subfield>
      <subfield code="a">المصابيح في صلاة التراويح /</subfield>
      <subfield code="c">لجلال الدين عبد الرحمن بن ابي بكر بن محمد السيوطي ؛ بتعليق محمد مصطفى ابي العلا الشهير بحامد.</subfield>
   </datafield>
   <datafield ind1=" " ind2=" " tag="880">
      <subfield code="6">260-03/r</subfield>
      <subfield code="a">مصر :</subfield>
      <subfield code="b">مكتبة الجندي،</subfield>
      <subfield code="c">1955.</subfield>
   </datafield>
   <datafield ind1="1" ind2=" " tag="880">
      <subfield code="6">700-04/r</subfield>
      <subfield code="a">ابو علا، محمد مصطفى.</subfield>
   </datafield>
   <datafield ind1=" " ind2=" " tag="998">
      <subfield code="a">01/27/94</subfield>
      <subfield code="s">9114</subfield>
      <subfield code="n">NjP</subfield>
      <subfield code="w">NJPG94B1504</subfield>
      <subfield code="d">01/11/94</subfield>
      <subfield code="c">KC</subfield>
      <subfield code="b">JAB</subfield>
      <subfield code="i">940127</subfield>
      <subfield code="l">NJPG</subfield>
   </datafield>
   <datafield ind1=" " ind2=" " tag="911">
      <subfield code="a">19940203</subfield>
   </datafield>
   <datafield ind1=" " ind2=" " tag="912">
      <subfield code="a">19940127000000.0</subfield>
   </datafield>
   <datafield ind1=" " ind2=" " tag="994">
      <subfield code="a">C0</subfield>
      <subfield code="b">PUL</subfield>
   </datafield>
   <datafield ind1=" " ind2=" " tag="999">
      <subfield code="a">858982</subfield>
   </datafield>
   <datafield ind1=" " ind2=" " tag="979">
      <subfield code="a">(OCoLC)ocn176345003</subfield>
   </datafield>
   <datafield ind1="8" ind2="0" tag="852">
      <subfield code="0">979167</subfield>
      <subfield code="b">rcppa</subfield>
      <subfield code="t">1</subfield>
      <subfield code="h">2276.069.361 1955</subfield>
      <subfield code="x">tr fr anxa</subfield>
   </datafield>
   <datafield ind1=" " ind2=" " tag="959">
      <subfield code="a">2000-06-13 00:00:00 -0500</subfield>
   </datafield>
</record>
